<record><leader>00000cas a22000007a 4500</leader><controlfield tag="001">11194116</controlfield><controlfield tag="008">840925d18741881inuwr ne      0    0eng d</controlfield><datafield ind1=" " ind2=" " tag="010"><subfield code="a">sn 84038159 </subfield></datafield><datafield ind1=" " ind2=" " tag="040"><subfield code="a">NPX</subfield><subfield code="b">eng</subfield><subfield code="c">NPX</subfield><subfield code="d">NPI</subfield><subfield code="d">OCLCQ</subfield></datafield><datafield ind1=" " ind2=" " tag="042"><subfield code="a">msc</subfield></datafield><datafield ind1="0" ind2=" " tag="130"><subfield code="a">South Bend herald (South Bend, Ind. : 1874)</subfield></datafield><datafield ind1="1" ind2="4" tag="245"><subfield code="a">The South Bend herald.</subfield></datafield><datafield ind1=" " ind2=" " tag="260"><subfield code="a">South Bend, Ind. :</subfield><subfield code="b">[s.n.]</subfield></datafield><datafield ind1=" " ind2=" " tag="300"><subfield code="a">v.</subfield></datafield><datafield ind1=" " ind2=" " tag="310"><subfield code="a">Weekly</subfield></datafield><datafield ind1="1" ind2=" " tag="362"><subfield code="a">Began in Dec. 1874; ceased in 1881.</subfield><subfield code="z">Cf. Miller, J.W. Ind. newspaper bibl.</subfield></datafield><datafield ind1=" " ind2=" " tag="580"><subfield code="a">Also published in a daily ed. called: The Morning herald, Oct. 1, 1875-Nov. 12, 1876.</subfield></datafield><datafield ind1=" " ind2=" " tag="588"><subfield code="a">Description based on: Vol. 11, no. 26 (June 2, 1876).</subfield></datafield><datafield ind1=" " ind2=" " tag="752"><subfield code="a">United States</subfield><subfield code="b">Indiana</subfield><subfield code="c">Saint Joseph</subfield><subfield code="d">South Bend.</subfield></datafield><datafield ind1="1" ind2=" " tag="775"><subfield code="t">Morning herald (South Bend, Ind.)</subfield><subfield code="w">(DLC)sn 87055777</subfield></datafield><datafield ind1="0" ind2="0" tag="780"><subfield code="t">South Bend weekly union</subfield><subfield code="w">(DLC)sn 84027589</subfield><subfield code="w">(OCoLC)11308285</subfield></datafield><datafield ind1="0" ind2="0" tag="785"><subfield code="t">South Bend sun</subfield></datafield></record>